%% This BibTeX bibliography file was created using BibDesk.
%% https://bibdesk.sourceforge.io/

%% Created for James Mitchell at 2018-12-12 17:35:36 +0000 


%% Saved with string encoding Unicode (UTF-8) 



@book{Howie1995aa,
	Address = {New York},
	Author = {Howie, John M.},
	Date-Added = {2018-12-12 16:40:59 +0000},
	Date-Modified = {2018-12-12 16:40:59 +0000},
	Isbn = {0-19-851194-9},
	Mrclass = {20Mxx (20-02)},
	Mrnumber = {MR1455373 (98e:20059)},
	Mrreviewer = {P. M. Higgins},
	Note = {Oxford Science Publications},
	Pages = {x+351},
	Publisher = {The Clarendon Press Oxford University Press},
	Series = {London Mathematical Society Monographs. New Series},
	Title = {Fundamentals of semigroup theory},
	Volume = {12},
	Year = {1995}}

@article{Caen1981,
	Author = {Caen, D De and Gregory, D A},
	File = {:home/finn/Documents/Mendeley Desktop/Caen, Gregory - 1981 - Primes In the Semigroup of Boolean Matrices.pdf:pdf},
	Journal = {Linear Algebra and Its Applications},
	Pages = {119--134},
	Title = {{Primes In the Semigroup of Boolean Matrices}},
	Volume = {37},
	Year = {1981}}

@article{H.M.Devadze1968,
	Author = {{H. M. Devadze}},
	Journal = {Doklady Akad. Nauk Beloruss},
	Number = {12},
	Pages = {765--768},
	Title = {{Generating sets of the semigroup of all binary relations in a finite set, (Russian)}},
	Volume = {SSR},
	Year = {1968}}

@article{Roush1977,
	Author = {Roush, Fred W. and Kim, Ki Hang},
	File = {:home/finn/Documents/Mendeley Desktop/Roush, Kim - 1977 - ON GENERATING REGULAR ELEMENTS IN THE SEMIGROUP OF BINARY RELATIONS.pdf:pdf},
	Pages = {29--32},
	Title = {{ON GENERATING REGULAR ELEMENTS IN THE SEMIGROUP OF BINARY RELATIONS}},
	Volume = {14},
	Year = {1977}}

@article{Zaretskii1963,
	Author = {Zaretskii, K. A.},
	Doi = {10.18287/0134-2452-2015-39-4-459-461.},
	File = {:home/finn/Documents/Mendeley Desktop/Zaretskii - 1963 - The Semigroups of Binary Relations.pdf:pdf},
	Journal = {Mat. Sb. (N.S.),},
	Number = {103},
	Pages = {291--305},
	Title = {{The Semigroups of Binary Relations}},
	Volume = {61},
	Year = {1963},
	Bdsk-Url-1 = {https://doi.org/10.18287/0134-2452-2015-39-4-459-461.}}

@article{Cho1993,
	Abstract = {We study the prime Boolean matrices in the semigroup of Boolean matrices. We also study the factorization properties of the n × n rank-n Boolean matrices in terms of elementary matrices and prime matrices. Finally, we consider the minimal and the maximal prime Boolean matrices. {\textcopyright} 1993.},
	Author = {Cho, Han H.},
	Doi = {10.1016/0024-3795(93)90221-9},
	File = {:home/finn/Documents/Mendeley Desktop/Cho - 1993 - Prime Boolean matrices and factorizations.pdf:pdf},
	Issn = {00243795},
	Journal = {Linear Algebra and Its Applications},
	Number = {C},
	Pages = {87--98},
	Title = {{Prime Boolean matrices and factorizations}},
	Volume = {190},
	Year = {1993},
	Bdsk-Url-1 = {https://doi.org/10.1016/0024-3795(93)90221-9}}

@article{Konieczny2011,
	Author = {Konieczny, Janusz},
	Doi = {10.1007/s00233-011-9305-y},
	File = {:home/finn/Documents/Mendeley Desktop/Konieczny - 2011 - A proof of Devadze's theorem on generators of the semigroup of Boolean matrices.pdf:pdf},
	Issn = {00371912},
	Journal = {Semigroup Forum},
	Keywords = {Binary relations,Boolean matrices,Generators},
	Number = {2},
	Pages = {281--288},
	Title = {{A proof of Devadze's theorem on generators of the semigroup of Boolean matrices}},
	Volume = {83},
	Year = {2011},
	Bdsk-Url-1 = {https://doi.org/10.1007/s00233-011-9305-y}}

@article{Breen1997,
	Abstract = {A standard form for a Boolean matrix is used to test a conjecture about the maximal length possible for chains of principal ideals in the semigroup of n × n Boolean matrices. {\textcopyright} Elsevier Science Inc., 1997.},
	Author = {Breen, Michael and Hume, David},
	Doi = {10.1016/S0024-3795(96)00368-0},
	Issn = {00243795},
	Journal = {Linear Algebra and Its Applications},
	Number = {1-3},
	Pages = {49--65},
	Title = {{Properties of a standard form for a Boolean matrix}},
	Volume = {254},
	Year = {1997},
	Bdsk-Url-1 = {https://doi.org/10.1016/S0024-3795(96)00368-0}}

 @article{Breen2001,
  author = {Breen, Michael and Hume, David},
  file = {:home/finn/Documents/Mendeley Desktop/Konieczny - 1992 - On cardinalities of row spaces of Boolean matrices.pdf:pdf},
  journal = {Semigroup Forum},
  pages = {331--332},
  title = {{On the cardinalities of row spaces of Boolean matrices}},
  volume = {62},
  year = {2001}
  }

@article{JOHNSON2013280,
	Author = {Johnson, Marianne and Kambites, Mark},
	Doi = {https://doi.org/10.1016/j.jpaa.2012.06.003},
	Issn = {0022-4049},
	Journal = {Journal of Pure and Applied Algebra},
	Number = {2},
	Pages = {280--292},
	Title = {{Green's J-order and the rank of tropical matrices}},
	Url = {http://www.sciencedirect.com/science/article/pii/S0022404912001934},
	Volume = {217},
	Year = {2013},
	Bdsk-Url-1 = {http://www.sciencedirect.com/science/article/pii/S0022404912001934},
	Bdsk-Url-2 = {https://doi.org/10.1016/j.jpaa.2012.06.003}}

@article{MONTAGUE1969575,
	Author = {Montague, J S and Plemmons, R J},
	Doi = {https://doi.org/10.1016/0021-8693(69)90119-7},
	Issn = {0021-8693},
	Journal = {Journal of Algebra},
	Number = {4},
	Pages = {575--587},
	Title = {{Maximal subgroups of the semigroup of relations}},
	Url = {http://www.sciencedirect.com/science/article/pii/0021869369901197},
	Volume = {13},
	Year = {1969},
	Bdsk-Url-1 = {http://www.sciencedirect.com/science/article/pii/0021869369901197},
	Bdsk-Url-2 = {https://doi.org/10.1016/0021-8693(69)90119-7}}

@article{Plemmons1970,
	Author = {Plemmons, Robert James and West, M T and Plemmons, R J},
	File = {:home/finn/Documents/Mendeley Desktop/Plemmons, West, Plemmons - 1970 - Pacific Journal of Mathematics ON THE SEMIGROUP OF BINARY RELATIONS ON THE SEMIGROUP OF BINARY RELATIO.pdf:pdf},
	Journal = {PACIFIC JOURNAL OF MATHEMATICS},
	Number = {3},
	Title = {{ON THE SEMIGROUP OF BINARY RELATIONS ON THE SEMIGROUP OF BINARY RELATIONS}},
	Volume = {35},
	Year = {1970}}

@article{Konieczny1994,
	Author = {Konieczny, J},
	File = {:home/finn/Documents/Mendeley Desktop/Konieczny - 1994 - Green's equivalences in finite semigroups of binary relations.pdf:pdf},
	Journal = {in Semigroup forum volume},
	Pages = {235--252},
	Title = {{Green's equivalences in finite semigroups of binary relations}},
	Volume = {48},
	Year = {1994}}
